<?xml version="1.0" encoding="UTF-8"?><collection xmlns="http://www.loc.gov/MARC21/slim"><record><leader>00548nam--2200193-i-4500</leader><controlfield tag="001">000013597</controlfield><controlfield tag="002">20161230</controlfield><controlfield tag="005">20161230201030</controlfield><controlfield tag="008">060222s1000------------r-----000-0-eng-d</controlfield><datafield ind1=" " ind2=" " tag="020"><subfield code="a">0471051500</subfield></datafield><datafield ind1=" " ind2=" " tag="040"><subfield code="a">IFIN-HH</subfield></datafield><datafield ind1=" " ind2=" " tag="080"><subfield code="a">537.533.35:616-07</subfield></datafield><datafield ind1="1" ind2=" " tag="100"><subfield code="a">Trump, Benjamin F</subfield></datafield><datafield ind1="1" ind2="0" tag="245"><subfield code="a">Diagnostic electron microscopy</subfield><subfield code="b">Volume 3</subfield><subfield code="c">Benjamin f. trump, raymond t. jones (eds.)</subfield></datafield><datafield ind1=" " ind2=" " tag="260"><subfield code="a">New York</subfield><subfield code="b">John Wiley &amp; Sons</subfield><subfield code="c">1980</subfield></datafield><datafield ind1=" " ind2=" " tag="300"><subfield code="a">XI+536P</subfield></datafield><datafield ind1="1" ind2=" " tag="700"><subfield code="a">Jones, Raymond T</subfield></datafield><datafield ind1=" " ind2=" " tag="852"><subfield code="a">49033</subfield><subfield code="c">537.533.35</subfield></datafield><datafield ind1=" " ind2=" " tag="CAT"><subfield code="a">Sys</subfield><subfield code="c">20110913</subfield><subfield code="h">142222</subfield></datafield></record></collection>